<record><leader>00000cas a22000007a 4500</leader><controlfield tag="001">29212220</controlfield><controlfield tag="008">931028d18401841nyuwr n       0    0eng d</controlfield><datafield ind1=" " ind2=" " tag="010"><subfield code="a">sn 93063957 </subfield></datafield><datafield ind1=" " ind2=" " tag="040"><subfield code="a">NYS</subfield><subfield code="b">eng</subfield><subfield code="c">NYS</subfield><subfield code="d">OCLCQ</subfield></datafield><datafield ind1=" " ind2=" " tag="042"><subfield code="a">msc</subfield></datafield><datafield ind1="0" ind2=" " tag="130"><subfield code="a">Gazette (Glens Falls, N.Y.)</subfield></datafield><datafield ind1="1" ind2="4" tag="245"><subfield code="a">The Gazette.</subfield></datafield><datafield ind1=" " ind2=" " tag="260"><subfield code="a">Glen's Falls, Warren Co., N.Y. :</subfield><subfield code="b">W.S. Fox</subfield></datafield><datafield ind1=" " ind2=" " tag="300"><subfield code="a">v.</subfield></datafield><datafield ind1=" " ind2=" " tag="310"><subfield code="a">Weekly</subfield></datafield><datafield ind1="1" ind2=" " tag="362"><subfield code="a">Began in 1840; ceased in 1841.</subfield></datafield><datafield ind1=" " ind2=" " tag="588"><subfield code="a">Description based on: Vol. 2, no. 2 (Dec. 23, 1840).</subfield></datafield><datafield ind1=" " ind2=" " tag="752"><subfield code="a">United States</subfield><subfield code="b">New York</subfield><subfield code="c">Warren</subfield><subfield code="d">Glens Falls.</subfield></datafield><datafield ind1="0" ind2="0" tag="780"><subfield code="t">Glen's Falls gazette</subfield><subfield code="w">(DLC)sn 85042192</subfield><subfield code="w">(OCoLC)11890727</subfield></datafield><datafield ind1="0" ind2="7" tag="785"><subfield code="t">Glen's Falls spectator</subfield><subfield code="w">(DLC)sn 84031827</subfield><subfield code="w">(OCoLC)11249199</subfield></datafield><datafield ind1="0" ind2="7" tag="785"><subfield code="t">Glen's Falls clarion</subfield><subfield code="w">(DLC)sn 84031825</subfield><subfield code="w">(OCoLC)11233552</subfield></datafield></record>